
@article{duan_smearing_1983,
	title = {Smearing Estimate: A Nonparametric Retransformation Method},
	volume = {78},
	number = {383},
	journal = {Journal of the American Statistical Association},
	author = {Duan, N.},
	year = {1983},
	pages = {605--610}
},

@article{fortin_accounting_2008,
	title = {Accounting for error correlations in diameter increment modelling: a case study applied to northern hardwood stands in {Quebec}, {Canada}},
	volume = {38},
	journal = {Canadian Journal of Forest Research},
	author = {Fortin, M. and B\'edard, S. and {DeBlois}, J. and Meunier, S.},
	year = {2008},
	pages = {2274--2286}
},

@article{lemay_msls_1990,
	title = {MSLS: a linear least squares technique for fitting a simultaneous system of equations with a generalized error structure},
	volume = {20},
	journal = {Canadian Journal of Forest Research},
	author = {LeMay, V. M.},
	year = {1990},
	pages = {1830--1839}
},

@article{osborne_improving_2010,
	title = {Improving your data transformations: Applying the {Box-Cox} transformation},
	volume = {15},
	number = {12},
	journal = {Pratical Assessment, Research and Evaluation},
	author = {Osborne, J. W.},
	year = {2010},
	pages = {1--9}
},

@article{vegiard_statistical_1993,
	title = {Statistical inference problems related to the logarithmic transformation in regression; another method for interval estimation},
	volume = {23},
	number = {5},
	journal = {Canadian Journal of Forest Research},
	author = {V{\'e}giard, S. and Ung, C. H.},
	year = {1993},
	pages = {871--872}
},

@article{gregoire_regression_2008,
	title = {Regression Estimation Following the Square-Root Transformation of the Response},
	volume = {54},
	number = {6},
	journal = {Forest Science},
	author = {Gregoire, T. G. and Lin, Q. F. and Boudreau, J. and Nelson, R.},
	year = {2008},
	pages = {597--606}
},

@article{cochran_distribution_1934,
	title = {The distribution of quadratic forms in a normal system, with applications to the analysis of covariance},
	volume = {30},
	number = {2},
	journal = {Mathematical Proceedings of the Cambridge Philosophical Society},
	author = {Cochran, W. G.},
	year = {1934},
	pages = {178--191}
},

@book{seber_linear_1977,
	address = {New York, USA},
	title = {Linear Regression Analysis},
	publisher = {John Wiley and Sons},
	author = {Seber, G. A. F.},
	year = {1977}
},

@book{searle_linear_1971,
	address = {New York, USA},
	title = {Linear Models},
	publisher = {John Wiley and Sons},
	author = {Searle, S. R.},
	year = {1971}
},

@book{pinheiro_mixed_2000,
	address = {New York, USA},
	title = {Mixed-effects models in {S} and {S-PLUS}},
	publisher = {Springer},
	author = {Pinheiro, J. C. and Bates, D. M.},
	year = {2000}
},

@article{gregoire_generalized_1987,
	title = {Generalized error structure for forestry yield models},
	volume = {33},
	number = {2},
	journal = {Forest Science},
	author = {Gregoire, T. G.},
	year = {1987},
	pages = {423--444}
},

@article{gregoire_linear_1995,
	title = {Linear modelling of irregularly spaced, unbalanced, longitudinal data from permanent-plot measurements},
	volume = {25},
	number = {1},
	journal = {Canadian Journal of Forest Research},
	author = {Gregoire, T. G. and Schabenberger, O. and Barrett, J. P.},
	year = {1995},
	pages = {137--156}
},

@book{hosmer_applied_2013,
	address = {Hoboken, New Jersey, USA},
	title = {Applied Logistic Regression, Third Edition},
	publisher = {John Wiley and Sons},
	author = {Hosmer, D. W. and Lemeshow, S. and Sturdivant, R. X.},
	year = {2013}
},

@article{wolfinger_computing_1994,
	title = {Computing Gaussian likelihoods and their derivatives for general linear mixed models},
	volume = {15},
	number = {6},
	journal = {SIAM Journal on Scientific Computing},
	author = {Wolfinger, R. and Tobias, R. and Sall, J.},
	year = {1994},
	pages = {1294--1310}
},

@book{mccullagh_generalized_1989,
	address = {New York, USA},
	title = {Generalized Linear Models, Second Edition},
	publisher = {Chapman and Hall},
	author = {McCullagh, P. and Nelder, J.A.},
	year = {1989}
},
	
@article{jensen_fonction_1906,
	title = {Sur les fonctions convexes et les in\'egalit\'es entre les valeurs moyennes},
	volume = {30},
	number = {1},
	journal = {Acta Mathematica},
	author = {Jensen, J. L. W. V.},
	year = {1906},
	pages = {175--193}
},

@article{fortin_variance_2007,
	title = {A variance-covariance structure to take into account repeated measurements and heteroscedasticity in growth modeling},
	volume = {126},
	journal = {European Journal of Forest Research},
	author = {Fortin, M. and Daigle, G. and Ung, C. H. and B\'egin, J. and Archambault, L.},
	year = {2007},
	pages = {573--585}
},

@article{trivedi_copula_2005,
	title = {Copula modeling: An introduction for practitioners},
	volume = {1},
	number = {1},
	journal = {Foundations and Trends in Econometrics},
	author = {Trivedi, P. K. and Zimmer, D. M.},
	year = {2005},
	pages = {1--111}
},

@book{littell_mixed_1996,
	address = {Cary, NC, USA},
	title = {SAS system for mixed models},
	publisher = {SAS Institute Inc.},
	author = {Littell, R. C. and Milliken, G. A. and Stroup, W. W. and Wolfinger, R. D.},
	year = {1996}
},


